<?xml version="1.0" encoding="UTF-8"?>
<record xmlns="http://www.loc.gov/MARC21/slim">
   <leader>03835cam a2200409 a 4500</leader>
   <controlfield tag="001">2839068</controlfield>
   <controlfield tag="003">NjP</controlfield>
   <controlfield tag="005">20190705145016.0</controlfield>
   <controlfield tag="008">000223s1893    mr            000 0 ara d</controlfield>
   <datafield tag="024" ind1="7" ind2=" ">
      <subfield code="a">princeton_aco004458</subfield>
      <subfield code="2">local</subfield>
   </datafield>
   <datafield ind1=" " ind2=" " tag="035">
      <subfield code="9">CNS2150TS</subfield>
   </datafield>
   <datafield ind1=" " ind2=" " tag="035">
      <subfield code="a">(NjP)2839068</subfield>
   </datafield>
   <datafield ind1=" " ind2=" " tag="040">
      <subfield code="a">NjP</subfield>
      <subfield code="c">PUL</subfield>
      <subfield code="d">PUL</subfield>
   </datafield>
   <datafield ind1=" " ind2=" " tag="049">
      <subfield code="a">PULL</subfield>
   </datafield>
   <datafield ind1=" " ind2=" " tag="035">
      <subfield code="a">(OCoLC)ocm80260323</subfield>
   </datafield>
   <datafield ind1="0" ind2="3" tag="245">
      <subfield code="6">880-01</subfield>
      <subfield code="a">al-Majmūʻah al-mubārak bi-ʻawn Allāh wa-qad ishtamala ʻalá matn Tuḥfat Ibn ʻĀṣim wa-Lāmīyat al-Zaqqāq wa-al-ʻAmal al-Fāsī wa-al-Murshid al-muʻīn wa-al-Ājurrūmīyah wa-al-Khulāṣah wa-al-Lāmīyah al-afʻāl wa-al-Jumal wa-Muthallath Quṭrub wa-al-Sullam wa-al-Basṭ wa-al-taʻrīf wa-Naẓm al-istiʻārah /</subfield>
      <subfield code="c">bi-taṣḥīḥ al-Maʼmūn ibn al-Rashīd al-Ḥusaynī al-ʻIrāqī.</subfield>
   </datafield>
   <datafield ind1=" " ind2=" " tag="260">
      <subfield code="6">880-02</subfield>
      <subfield code="a">[Morocco] :</subfield>
      <subfield code="b">al-ʻArabī al-Azraq,</subfield>
      <subfield code="c">1310 [1893]</subfield>
   </datafield>
   <datafield ind1=" " ind2=" " tag="300">
      <subfield code="a">1 v. (various pagings) ;</subfield>
      <subfield code="c">22 cm.</subfield>
   </datafield>
   <datafield ind1=" " ind2=" " tag="500">
      <subfield code="a">Title from colophon.</subfield>
   </datafield>
   <datafield ind1="0" ind2=" " tag="505">
      <subfield code="6">880-03</subfield>
      <subfield code="a">Tuḥfat al-ḥukkām fī nukat al-ʻuqūd wa-al-aḥkām / Ibn ʻĀṣim -- Lāmīyah / al-Zaqqāq -- Naẓm al-ʻamal / ʻAbd al-Raḥmān al-Fāsī -- Murshid al-muʻūn / lil-Imām Ibn ʻĀshir -- Matn al-Ājurrūmīyah -- Alfīyat Ibn Mālik = al-Khulāṣah -- Lāmīyat al-afʻāl / lil-Imām ibn Mālik -- Jumal / lil-Imām al-Mujarrād -- Muthallath Quṭrub -- al-Sullam / lil-ʻAllāmah al-Akhḍarī -- al-Basṭ wa-al-taʻrīf / lil-Imām Abī Zayd ʻAbd al-Raḥmān al-Makkūdī -- Naẓm al-istiʻārah / lil-Shaykh al-Ṭayyib ibn Kīrān.</subfield>
   </datafield>
   <datafield ind1=" " ind2="0" tag="650">
      <subfield code="a">Islamic law.</subfield>
      <subfield code="0">http://id.loc.gov/authorities/subjects/sh85068454</subfield>
   </datafield>
   <datafield ind1=" " ind2="0" tag="650">
      <subfield code="a">Arabic language.</subfield>
      <subfield code="0">http://id.loc.gov/authorities/subjects/sh85006306</subfield>
   </datafield>
   <datafield ind1=" " ind2="7" tag="655">
      <subfield code="a">Lithographs</subfield>
      <subfield code="z">Morocco</subfield>
      <subfield code="y">1893</subfield>
      <subfield code="2">gmgpc</subfield>
   </datafield>
   <datafield ind1="1" ind2=" " tag="700">
      <subfield code="6">880-04</subfield>
      <subfield code="a">ʻIrāqī, Muḥammad,</subfield>
      <subfield code="d">1855 or 1856-1929 or 1930.</subfield>
      <subfield code="0">http://id.loc.gov/authorities/names/nr91005016</subfield>
   </datafield>
   <datafield ind1="1" ind2="2" tag="700">
      <subfield code="6">880-05</subfield>
      <subfield code="a">Ibn ʻĀṣim, Muḥammad ibn Muḥammad,</subfield>
      <subfield code="d">1359-1426.</subfield>
      <subfield code="t">Tuḥfat al-ḥukkām fī nukat al-ʻuqūd wa-al-aḥkām.</subfield>
      <subfield code="0">http://id.loc.gov/authorities/names/n90727166</subfield>
   </datafield>
   <datafield ind1="0" ind2=" " tag="740">
      <subfield code="6">880-06</subfield>
      <subfield code="a">Tuḥfat al-ḥukkām fī nukat al-ʻuqūd wa-al-aḥkām.</subfield>
   </datafield>
   <datafield ind1="0" ind2="2" tag="880">
      <subfield code="6">245-01/r</subfield>
      <subfield code="a">المجموعة المبارك بعون الله وقد اشتمل على متن تحفة ابن عاصم ولامية الزقاق والعمل الفاسي والمرشد المعين والآجرومية والخلاصة واللامية الافعال والجمل ومثلث قطرب والسلم والبسط والتعريف ونظم الاستعارة /</subfield>
      <subfield code="c">بتصحيح المأمون بن الرشيد الحسيني العراقي.</subfield>
   </datafield>
   <datafield ind1=" " ind2=" " tag="880">
      <subfield code="6">260-02/r</subfield>
      <subfield code="a">[المغرب] :</subfield>
      <subfield code="b">العربي الازرق،</subfield>
      <subfield code="c">1310 [1893]</subfield>
   </datafield>
   <datafield ind1="0" ind2=" " tag="880">
      <subfield code="6">505-03/r</subfield>
      <subfield code="a">تحفة الحكام في نكة العقود والاحكام / ابن عاصم لامية / الزقاق نظم العمل / عبد الرحمن الفاسي مرشد المعون / للامام ابن عاشر متن الاجرومية الفية ابن مالك = الخلاصة لامية الافعال / للامام بن مالك جمل / للامام المجراد مثلث قطرب السلم / للعلامة الاخضري البسط والتعريف / للامام ابي زيد عبد الرحمن المكودي نظم الاستعارة / للشيخ الطيب بن كيران.</subfield>
   </datafield>
   <datafield ind1="1" ind2=" " tag="880">
      <subfield code="6">700-04/r</subfield>
      <subfield code="a">عراقي، محمد،</subfield>
      <subfield code="d">1855 or 1856-1929 or 1930.</subfield>
   </datafield>
   <datafield ind1="1" ind2="2" tag="880">
      <subfield code="6">700-05/r</subfield>
      <subfield code="a">ابن عاصم، محمد بن محمد،</subfield>
      <subfield code="d">1359-1426.</subfield>
      <subfield code="t">تحفة الحكام في نكة العقود والاحكام.</subfield>
   </datafield>
   <datafield ind1="0" ind2=" " tag="880">
      <subfield code="6">740-06/r</subfield>
      <subfield code="a">تحفة الحكام في نكة العقود والاحكام.</subfield>
   </datafield>
   <datafield ind1="4" ind2=" " tag="856">
      <subfield code="u">http://hdl.handle.net/2027/njp.32101077781969</subfield>
   </datafield>
   <datafield ind1=" " ind2=" " tag="948">
      <subfield code="a">jeb</subfield>
   </datafield>
   <datafield ind1=" " ind2=" " tag="911">
      <subfield code="a">20000223</subfield>
   </datafield>
   <datafield ind1=" " ind2=" " tag="912">
      <subfield code="a">20000223051357.0</subfield>
   </datafield>
   <datafield ind1=" " ind2=" " tag="994">
      <subfield code="a">C0</subfield>
      <subfield code="b">PUL</subfield>
   </datafield>
   <datafield ind1=" " ind2=" " tag="999">
      <subfield code="a">2839068</subfield>
   </datafield>
   <datafield ind1=" " ind2=" " tag="979">
      <subfield code="a">(OCoLC)ocn178183216</subfield>
   </datafield>
   <datafield ind1="8" ind2="0" tag="852">
      <subfield code="0">3151645</subfield>
      <subfield code="b">rcppa</subfield>
      <subfield code="t">1</subfield>
      <subfield code="h">2271.409995.391 1893</subfield>
      <subfield code="x">tr fr f</subfield>
   </datafield>
   <datafield ind1="8" ind2=" " tag="852">
      <subfield code="0">8753327</subfield>
      <subfield code="b">elf1</subfield>
      <subfield code="h">Electronic Resource</subfield>
   </datafield>
   <datafield ind1=" " ind2=" " tag="959">
      <subfield code="a">2000-06-08 00:00:00 -0500</subfield>
   </datafield>
</record>
